<?xml version="1.0" encoding="UTF-8" standalone="yes"?>
<Document xmlns="urn:iso:std:iso:20022:tech:xsd:pain.001.003.03">
    <CstmrCdtTrfInitn>
        <GrpHdr>
            <MsgId>transfer-2025-10-05-20:36</MsgId>
            <CreDtTm>2025-10-05T22:36:40.430+02:00</CreDtTm>
            <NbOfTxs>6</NbOfTxs>
            <CtrlSum>52680.15</CtrlSum>
            <InitgPty>
                <Nm>ProjectForge GmbH</Nm>
            </InitgPty>
        </GrpHdr>
        <PmtInf>
            <PmtInfId>transfer-2025-10-05-20:36-1</PmtInfId>
            <PmtMtd>TRF</PmtMtd>
            <BtchBookg>true</BtchBookg>
            <NbOfTxs>6</NbOfTxs>
            <CtrlSum>52680.15</CtrlSum>
            <PmtTpInf>
                <SvcLvl>
                    <Cd>SEPA</Cd>
                </SvcLvl>
            </PmtTpInf>
            <ReqdExctnDt>2025-10-05+02:00</ReqdExctnDt>
            <Dbtr>
                <Nm>ProjectForge GmbH</Nm>
            </Dbtr>
            <DbtrAcct>
                <Id>
                    <IBAN>DE87200500001234567890</IBAN>
                </Id>
            </DbtrAcct>
            <DbtrAgt>
                <FinInstnId>
                    <BIC>BANKDEFFXXX</BIC>
                </FinInstnId>
            </DbtrAgt>
            <CdtTrfTxInf>
                <PmtId>
                    <EndToEndId>transfer-2025-10-05-20:36-1-1</EndToEndId>
                </PmtId>
                <Amt>
                    <InstdAmt Ccy="EUR">15000.00</InstdAmt>
                </Amt>
                <Cdtr>
                    <Nm>Deutsche Consulting AG</Nm>
                </Cdtr>
                <CdtrAcct>
                    <Id>
                        <IBAN>DE89370400440532013000</IBAN>
                    </Id>
                </CdtrAcct>
                <RmtInf>
                    <Ustrd>Beratungsleistung Januar 2025</Ustrd>
                </RmtInf>
            </CdtTrfTxInf>
            <CdtTrfTxInf>
                <PmtId>
                    <EndToEndId>transfer-2025-10-05-20:36-1-2</EndToEndId>
                </PmtId>
                <Amt>
                    <InstdAmt Ccy="EUR">2345.67</InstdAmt>
                </Amt>
                <Cdtr>
                    <Nm>Mueller &amp; Soehne GmbH</Nm>
                </Cdtr>
                <CdtrAcct>
                    <Id>
                        <IBAN>DE12500105170648489890</IBAN>
                    </Id>
                </CdtrAcct>
                <RmtInf>
                    <Ustrd>Lieferung Bueromaterial Q1/2025</Ustrd>
                </RmtInf>
            </CdtTrfTxInf>
            <CdtTrfTxInf>
                <PmtId>
                    <EndToEndId>transfer-2025-10-05-20:36-1-3</EndToEndId>
                </PmtId>
                <Amt>
                    <InstdAmt Ccy="EUR">25000.00</InstdAmt>
                </Amt>
                <CdtrAgt>
                    <FinInstnId>
                        <BIC>BNPAFRPPXXX</BIC>
                    </FinInstnId>
                </CdtrAgt>
                <Cdtr>
                    <Nm>Consulting International SAS</Nm>
                </Cdtr>
                <CdtrAcct>
                    <Id>
                        <IBAN>FR1420041010050500013M02606</IBAN>
                    </Id>
                </CdtrAcct>
                <RmtInf>
                    <Ustrd>International project phase 1</Ustrd>
                </RmtInf>
            </CdtTrfTxInf>
            <CdtTrfTxInf>
                <PmtId>
                    <EndToEndId>transfer-2025-10-05-20:36-1-4</EndToEndId>
                </PmtId>
                <Amt>
                    <InstdAmt Ccy="EUR">8999.99</InstdAmt>
                </Amt>
                <CdtrAgt>
                    <FinInstnId>
                        <BIC>BKAUATWWXXX</BIC>
                    </FinInstnId>
                </CdtrAgt>
                <Cdtr>
                    <Nm>Austrian Software GmbH</Nm>
                </Cdtr>
                <CdtrAcct>
                    <Id>
                        <IBAN>AT611904300234573201</IBAN>
                    </Id>
                </CdtrAcct>
                <RmtInf>
                    <Ustrd>Software-Lizenz 2025</Ustrd>
                </RmtInf>
            </CdtTrfTxInf>
            <CdtTrfTxInf>
                <PmtId>
                    <EndToEndId>transfer-2025-10-05-20:36-1-5</EndToEndId>
                </PmtId>
                <Amt>
                    <InstdAmt Ccy="EUR">1234.50</InstdAmt>
                </Amt>
                <Cdtr>
                    <Nm>IT-Dienstleistung fuer Grosse Projekte GmbH &amp; Co. KG</Nm>
                </Cdtr>
                <CdtrAcct>
                    <Id>
                        <IBAN>DE98765432109876543210</IBAN>
                    </Id>
                </CdtrAcct>
                <RmtInf>
                    <Ustrd>Server-Hosting &amp; Wartung (inkl. Updates)</Ustrd>
                </RmtInf>
            </CdtTrfTxInf>
            <CdtTrfTxInf>
                <PmtId>
                    <EndToEndId>transfer-2025-10-05-20:36-1-6</EndToEndId>
                </PmtId>
                <Amt>
                    <InstdAmt Ccy="EUR">99.99</InstdAmt>
                </Amt>
                <Cdtr>
                    <Nm>Kleinunternehmer Schmidt</Nm>
                </Cdtr>
                <CdtrAcct>
                    <Id>
                        <IBAN>DE11222333444555666777</IBAN>
                    </Id>
                </CdtrAcct>
                <RmtInf>
                    <Ustrd>Kleine Reparatur</Ustrd>
                </RmtInf>
            </CdtTrfTxInf>
        </PmtInf>
    </CstmrCdtTrfInitn>
</Document>
