<?xml version="1.0" encoding="UTF-8" standalone="no"?>
<Document xmlns="urn:iso:std:iso:20022:tech:xsd:pain.001.003.03">
    <CstmrCdtTrfInitn>
        <GrpHdr>
            <MsgId>transfer-2025-10-05-21:33</MsgId>
            <CreDtTm>2025-10-05T23:33:10.281+02:00</CreDtTm>
            <NbOfTxs>1</NbOfTxs>
            <CtrlSum>1250.50</CtrlSum>
            <InitgPty>
                <Nm>Test Organization GmbH</Nm>
            </InitgPty>
        </GrpHdr>
        <PmtInf>
            <PmtInfId>transfer-2025-10-05-21:33-1</PmtInfId>
            <PmtMtd>TRF</PmtMtd>
            <BtchBookg>true</BtchBookg>
            <NbOfTxs>1</NbOfTxs>
            <CtrlSum>1250.50</CtrlSum>
            <PmtTpInf>
                <SvcLvl>
                    <Cd>SEPA</Cd>
                </SvcLvl>
            </PmtTpInf>
            <ReqdExctnDt>2025-10-05</ReqdExctnDt>
            <Dbtr>
                <Nm>Test Organization GmbH</Nm>
            </Dbtr>
            <DbtrAcct>
                <Id>
                    <IBAN>DE87200500001234567890</IBAN>
                </Id>
            </DbtrAcct>
            <DbtrAgt>
                <FinInstnId>
                    <BIC>BANKDEFFXXX</BIC>
                </FinInstnId>
            </DbtrAgt>
            <CdtTrfTxInf>
                <PmtId>
                    <EndToEndId>transfer-2025-10-05-21:33-1-1</EndToEndId>
                </PmtId>
                <Amt>
                    <InstdAmt Ccy="EUR">1250.50</InstdAmt>
                </Amt>
                <Cdtr>
                    <Nm>Max Mustermann</Nm>
                </Cdtr>
                <CdtrAcct>
                    <Id>
                        <IBAN>DE89370400440532013000</IBAN>
                    </Id>
                </CdtrAcct>
                <RmtInf>
                    <Ustrd>Invoice 2025-001 Payment</Ustrd>
                </RmtInf>
            </CdtTrfTxInf>
        </PmtInf>
    </CstmrCdtTrfInitn>
</Document>
