<?xml version="1.0" encoding="UTF-8" standalone="yes"?>
<Document xmlns="urn:iso:std:iso:20022:tech:xsd:pain.001.003.03">
    <CstmrCdtTrfInitn>
        <GrpHdr>
            <MsgId>transfer-2025-10-05-20:38</MsgId>
            <CreDtTm>2025-10-05T22:38:04.893+02:00</CreDtTm>
            <NbOfTxs>1</NbOfTxs>
            <CtrlSum>5000.00</CtrlSum>
            <InitgPty>
                <Nm>Test Organization GmbH</Nm>
            </InitgPty>
        </GrpHdr>
        <PmtInf>
            <PmtInfId>transfer-2025-10-05-20:38-1</PmtInfId>
            <PmtMtd>TRF</PmtMtd>
            <BtchBookg>true</BtchBookg>
            <NbOfTxs>1</NbOfTxs>
            <CtrlSum>5000.00</CtrlSum>
            <PmtTpInf>
                <SvcLvl>
                    <Cd>SEPA</Cd>
                </SvcLvl>
            </PmtTpInf>
            <ReqdExctnDt>2025-10-05+02:00</ReqdExctnDt>
            <Dbtr>
                <Nm>Test Organization GmbH</Nm>
            </Dbtr>
            <DbtrAcct>
                <Id>
                    <IBAN>DE87200500001234567890</IBAN>
                </Id>
            </DbtrAcct>
            <DbtrAgt>
                <FinInstnId>
                    <BIC>BANKDEFFXXX</BIC>
                </FinInstnId>
            </DbtrAgt>
            <CdtTrfTxInf>
                <PmtId>
                    <EndToEndId>transfer-2025-10-05-20:38-1-1</EndToEndId>
                </PmtId>
                <Amt>
                    <InstdAmt Ccy="EUR">5000.00</InstdAmt>
                </Amt>
                <CdtrAgt>
                    <FinInstnId>
                        <BIC>BNPAFRPPXXX</BIC>
                    </FinInstnId>
                </CdtrAgt>
                <Cdtr>
                    <Nm>Jean Dupont</Nm>
                </Cdtr>
                <CdtrAcct>
                    <Id>
                        <IBAN>FR1420041010050500013M02606</IBAN>
                    </Id>
                </CdtrAcct>
                <RmtInf>
                    <Ustrd>Consulting services Q1 2025</Ustrd>
                </RmtInf>
            </CdtTrfTxInf>
        </PmtInf>
    </CstmrCdtTrfInitn>
</Document>
